{
  "leader": "04104cam a2200529 a 4500",
  "fields": [
    {
      "001": "ocm39094192\\"
    },
    {
      "003": "OCoLC"
    },
    {
      "005": "20220630123825.0"
    },
    {
      "008": "990507s1997\\\\\\\\ne\\a\\\\\\\\\\b\\\\\\\\001\\0\\eng\\\\"
    },
    {
      "010": {
        "ind1": "\\",
        "ind2": "\\",
        "subfields": [
          {
            "a": "   98109318 "
          }
        ]
      }
    },
    {
      "040": {
        "ind1": "\\",
        "ind2": "\\",
        "subfields": [
          {
            "a": "NLM"
          },
          {
            "b": "eng"
          },
          {
            "c": "DLC"
          },
          {
            "d": "DLC"
          },
          {
            "d": "PJW"
          },
          {
            "d": "YAM"
          },
          {
            "d": "UIU"
          },
          {
            "d": "LVB"
          },
          {
            "d": "BAKER"
          },
          {
            "d": "NLGGC"
          },
          {
            "d": "YDXCP"
          },
          {
            "d": "BTCTA"
          },
          {
            "d": "CGC"
          },
          {
            "d": "OCLNG"
          },
          {
            "d": "IQU"
          },
          {
            "d": "EXW"
          },
          {
            "d": "ZWZ"
          },
          {
            "d": "DEBSZ"
          },
          {
            "d": "PSM"
          },
          {
            "d": "OCLCF"
          },
          {
            "d": "MDAVP"
          },
          {
            "d": "GBVCP"
          },
          {
            "d": "I8M"
          },
          {
            "d": "CSJ"
          },
          {
            "d": "DHA"
          },
          {
            "d": "NLM"
          },
          {
            "d": "V5E"
          },
          {
            "d": "CPO"
          },
          {
            "d": "OCLCQ"
          },
          {
            "d": "NAG"
          },
          {
            "d": "OCLCQ"
          },
          {
            "d": "OCLCO"
          }
        ]
      }
    },
    {
      "015": {
        "ind1": "\\",
        "ind2": "\\",
        "subfields": [
          {
            "a": "GB97X7263"
          },
          {
            "2": "bnb"
          }
        ]
      }
    },
    {
      "016": {
        "ind1": "7",
        "ind2": "\\",
        "subfields": [
          {
            "a": "9807070"
          },
          {
            "2": "DNLM"
          }
        ]
      }
    },
    {
      "016": {
        "ind1": "7",
        "ind2": "\\",
        "subfields": [
          {
            "a": "905-70217"
          },
          {
            "2": "Uk"
          }
        ]
      }
    },
    {
      "019": {
        "ind1": "\\",
        "ind2": "\\",
        "subfields": [
          {
            "a": "37847482"
          },
          {
            "a": "832904730"
          }
        ]
      }
    },
    {
      "020": {
        "ind1": "\\",
        "ind2": "\\",
        "subfields": [
          {
            "a": "9057021722"
          }
        ]
      }
    },
    {
      "020": {
        "ind1": "\\",
        "ind2": "\\",
        "subfields": [
          {
            "a": "9789057021725"
          }
        ]
      }
    },
    {
      "035": {
        "ind1": "\\",
        "ind2": "\\",
        "subfields": [
          {
            "a": "(OCoLC)39094192"
          },
          {
            "z": "(OCoLC)37847482"
          },
          {
            "z": "(OCoLC)832904730"
          }
        ]
      }
    },
    {
      "042": {
        "ind1": "\\",
        "ind2": "\\",
        "subfields": [
          {
            "a": "lccopycat"
          }
        ]
      }
    },
    {
      "050": {
        "ind1": "0",
        "ind2": "0",
        "subfields": [
          {
            "a": "Q125"
          },
          {
            "b": ".S434337 1997"
          }
        ]
      }
    },
    {
      "060": {
        "ind1": "0",
        "ind2": "0",
        "subfields": [
          {
            "a": "Q 125"
          },
          {
            "b": "S4145 1997"
          }
        ]
      }
    },
    {
      "080": {
        "ind1": "\\",
        "ind2": "\\",
        "subfields": [
          {
            "a": "001.1"
          },
          {
            "b": "S35"
          }
        ]
      }
    },
    {
      "082": {
        "ind1": "0",
        "ind2": "4",
        "subfields": [
          {
            "a": "509.04"
          },
          {
            "b": "SCI"
          }
        ]
      }
    },
    {
      "245": {
        "ind1": "0",
        "ind2": "0",
        "subfields": [
          {
            "a": "Science in the twentieth century /"
          },
          {
            "c": "edited by John Krige & Dominique Pestre."
          }
        ]
      }
    },
    {
      "246": {
        "ind1": "0",
        "ind2": "\\",
        "subfields": [
          {
            "a": "Science in the 20th century"
          }
        ]
      }
    },
    {
      "260": {
        "ind1": "\\",
        "ind2": "\\",
        "subfields": [
          {
            "a": "Amsterdam :"
          },
          {
            "b": "Harwood Academic Publishers,"
          },
          {
            "c": "\u00a91997."
          }
        ]
      }
    },
    {
      "300": {
        "ind1": "\\",
        "ind2": "\\",
        "subfields": [
          {
            "a": "xxxv, 941 pages :"
          },
          {
            "b": "illustrations ;"
          },
          {
            "c": "26 cm"
          }
        ]
      }
    },
    {
      "336": {
        "ind1": "\\",
        "ind2": "\\",
        "subfields": [
          {
            "a": "text"
          },
          {
            "b": "txt"
          },
          {
            "2": "rdacontent"
          }
        ]
      }
    },
    {
      "337": {
        "ind1": "\\",
        "ind2": "\\",
        "subfields": [
          {
            "a": "unmediated"
          },
          {
            "b": "n"
          },
          {
            "2": "rdamedia"
          }
        ]
      }
    },
    {
      "338": {
        "ind1": "\\",
        "ind2": "\\",
        "subfields": [
          {
            "a": "volume"
          },
          {
            "b": "nc"
          },
          {
            "2": "rdacarrier"
          }
        ]
      }
    },
    {
      "504": {
        "ind1": "\\",
        "ind2": "\\",
        "subfields": [
          {
            "a": "Includes bibliographical references and index."
          }
        ]
      }
    },
    {
      "505": {
        "ind1": "0",
        "ind2": "0",
        "subfields": [
          {
            "t": "Introduction /"
          },
          {
            "r": "John Krige, Dominique Pestre --"
          },
          {
            "t": "Images of Science --"
          },
          {
            "t": "Historiography of Science: An American Perspective /"
          },
          {
            "r": "M.A. Dennis --"
          },
          {
            "t": "What is Science? /"
          },
          {
            "r": "S. Schaffer --"
          },
          {
            "t": "On Seeing Brockenspectres: Sex and Gender in Twentieth-Century Science /"
          },
          {
            "r": "W. Faulkner, E.A. Kerr --"
          },
          {
            "t": "Science and the Social Fabric --"
          },
          {
            "t": "Science, Political Power and the State /"
          },
          {
            "r": "D. Pestre --"
          },
          {
            "t": "Crafting and Disciplining the Tropics: Plant Science in the French Colonies /"
          },
          {
            "r": "C. Bonneuil --"
          },
          {
            "t": "The Management of Society by Numbers /"
          },
          {
            "r": "T.M. Porter --"
          },
          {
            "t": "Scientific Management and the Production Process /"
          },
          {
            "r": "Y. Cohen --"
          },
          {
            "t": "The Discovery of Growth: Statistical Glimpses of Twentieth-Century Science /"
          },
          {
            "r": "S.E. Cozzens --"
          },
          {
            "t": "Academic Research, Technical Change and Government Policy /"
          },
          {
            "r": "K. Pavitt --"
          },
          {
            "t": "Science and the University: Patterns from the US Experience in the Twentieth Century /"
          },
          {
            "r": "R.L. Geiger --"
          },
          {
            "t": "Science, Scientists and the Military /"
          },
          {
            "r": "E. Mendelsohn --"
          },
          {
            "t": "Innovation and the Modern Corporation: From Heroic Invention to Industrial Science /"
          },
          {
            "r": "W.B. Carlson --"
          },
          {
            "t": "The Transformation of the Pharmaceutical Industry in the Twentieth Century /"
          },
          {
            "r": "L. Galambos, J.L. Sturchio --"
          },
          {
            "t": "The History of Electronics: From Vacuum Tubes to Transistors /"
          },
          {
            "r": "J.P. Collett --"
          },
          {
            "t": "Science in Public Policy: A History of High-Level Radioactive Waste Management /"
          },
          {
            "r": "F. Berkhout --"
          },
          {
            "t": "From Eugenics to Genetic Manipulation /"
          },
          {
            "r": "D.J. Kevles --"
          },
          {
            "t": "In the Name of Science /"
          },
          {
            "r": "B. Bensaude Vincent --"
          },
          {
            "t": "Science Fiction and Science in the Twentieth Century /"
          },
          {
            "r": "K. Steinmuller --"
          },
          {
            "t": "Interlude --"
          },
          {
            "t": "Seeing and Picturing: Visual Representation in Twentieth-Century Science /"
          },
          {
            "r": "M. Kemp."
          }
        ]
      }
    },
    {
      "520": {
        "ind1": "\\",
        "ind2": "\\",
        "subfields": [
          {
            "a": "The history of science in the twentieth century is one of the most exciting fields currently being developed. This substantial and authoritative volume, demonstrates both incisive and well researched writing and the formidable accomplishments of science itself. The reader will understand how new organizations and enormously increased funding, refined laboratory procedures, new technology and warfare have decisively shaped the way science is practised."
          }
        ]
      }
    },
    {
      "650": {
        "ind1": "\\",
        "ind2": "0",
        "subfields": [
          {
            "a": "Science"
          },
          {
            "x": "History"
          },
          {
            "y": "20th century."
          }
        ]
      }
    },
    {
      "650": {
        "ind1": "1",
        "ind2": "2",
        "subfields": [
          {
            "a": "Science"
          },
          {
            "x": "history"
          }
        ]
      }
    },
    {
      "650": {
        "ind1": "\\",
        "ind2": "7",
        "subfields": [
          {
            "a": "Science."
          },
          {
            "2": "fast"
          },
          {
            "0": "(OCoLC)fst01108176"
          }
        ]
      }
    },
    {
      "648": {
        "ind1": "\\",
        "ind2": "7",
        "subfields": [
          {
            "a": "1900-1999"
          },
          {
            "2": "fast"
          }
        ]
      }
    },
    {
      "655": {
        "ind1": "\\",
        "ind2": "7",
        "subfields": [
          {
            "a": "History."
          },
          {
            "2": "fast"
          },
          {
            "0": "(OCoLC)fst01411628"
          }
        ]
      }
    },
    {
      "700": {
        "ind1": "1",
        "ind2": "\\",
        "subfields": [
          {
            "a": "Krige, John."
          }
        ]
      }
    },
    {
      "700": {
        "ind1": "1",
        "ind2": "\\",
        "subfields": [
          {
            "a": "Pestre, Dominique."
          }
        ]
      }
    },
    {
      "856": {
        "ind1": "4",
        "ind2": "1",
        "subfields": [
          {
            "3": "Table of contents"
          },
          {
            "u": "http://digitool.hbz-nrw.de:1801/webclient/DeliveryManager?pid=1851506&custom_att_2=simple_viewer"
          }
        ]
      }
    },
    {
      "856": {
        "ind1": "4",
        "ind2": "1",
        "subfields": [
          {
            "3": "Table of contents"
          },
          {
            "u": "http://www.gbv.de/dms/hbz/toc/ht007715781.pdf"
          },
          {
            "q": "pdf/application"
          }
        ]
      }
    },
    {
      "856": {
        "ind1": "4",
        "ind2": "2",
        "subfields": [
          {
            "3": "Inhaltstext"
          },
          {
            "u": "http://zbmath.org/?q=an:1049.01513"
          },
          {
            "q": "pdf/application"
          }
        ]
      }
    },
    {
      "856": {
        "ind1": "4",
        "ind2": "2",
        "subfields": [
          {
            "3": "Publisher description"
          },
          {
            "u": "http://catdir.loc.gov/catdir/enhancements/fy0653/98109318-d.html"
          }
        ]
      }
    },
    {
      "994": {
        "ind1": "\\",
        "ind2": "\\",
        "subfields": [
          {
            "a": "Z0"
          },
          {
            "b": "NYRVC"
          }
        ]
      }
    },
    {
      "948": {
        "ind1": "\\",
        "ind2": "\\",
        "subfields": [
          {
            "h": "NO HOLDINGS IN NYRVC - 430 OTHER HOLDINGS"
          }
        ]
      }
    },
    {
      "999": {
        "ind1": "\\",
        "ind2": "\\",
        "subfields": [
          {
            "a": "no barcode"
          }
        ]
      }
    }
  ]
}